@book{wickens_1989,
    title = {Multiway contingency tables analysis for the social sciences},
    publisher = {Lawrence Erlbaum Associates},
    author = {T. D. Wickens},
    year = {1989},
    address = {Hillsdale, NJ}
},

@article{kanai_perceptual_2005,
    title = {Perceptual manifestations of fast neural plasticity: Motion
priming, rapid motion aftereffect and perceptual sensitization},
    volume = {45},
    journal = {Vision Research},
    author = {Ryota Kanai and Frans {A.J.} Verstraten},
    year = {2005},
    pages = {3109--3116}
}

